@inproceedings{CommunicatingMathematics,
 author = {Elena Smirnova and Stephen M. Watt},
 title = {Communicating Mathematics via Pen-Based Interfaces},
 booktitle = {SYNASC '08: Proceedings of the 2008 10th International Symposium on Symbolic and Numeric Algorithms for Scientific Computing},
 year = {2008},
 isbn = {978-0-7695-3523-4},
 pages = {9--18},
 doi = {http://dx.doi.org/10.1109/SYNASC.2008.94},
 publisher = {IEEE Computer Society},
 address = {Washington, DC, USA},
 }



@article{ElasticMatching,
 author = {Tappert, C. C.},
 title = {Cursive script recognition by elastic matching},
 journal = {IBM J. Res. Dev.},
 volume = {26},
 number = {6},
 year = {1982},
 issn = {0018-8646},
 pages = {765--771},
 doi = {http://dx.doi.org/10.1147/rd.266.0765},
 publisher = {IBM Corp.},
 address = {Riverton, NJ, USA},
}

@inproceedings{LegendreSobolevComp,
  author    = {Oleg Golubitsky and
               Stephen M. Watt},
  title     = {Online computation of similarity between handwritten characters},
  booktitle = {DRR},
  year      = {2009},
  pages     = {1-10},
  ee        = {http://dx.doi.org/10.1117/12.806163},
}

@inproceedings{OnlineStrokeModeling,
 author = {Oleg Golubitsky and Stephen M. Watt},
 title = {Online stroke modeling for handwriting recognition},
 booktitle = {CASCON '08: Proceedings of the 2008 conference of the center for advanced studies on collaborative research},
 year = {2008},
 pages = {72--80},
 location = {Ontario, Canada},
 doi = {http://doi.acm.org/10.1145/1463788.1463796},
 publisher = {ACM},
 address = {New York, NY, USA},
 }



@article{MathML,
 author = {Ron Ausbrooks, Stephen Buswell et al},
 title = {W3C Recommendation. Mathematical Markup Language (MathML) Version 3.0 (Third Edition). \url{http://www.w3.org/TR/MathML3/}},
 month = oct,
 year = {2010},
}

@article{MNIST,
 author = {Yann LeCun and Corinna Cortes},
 title = {The MNIST database of handwritten digits. \url{http://yann.lecun.com/exdb/mnist/}},
 year = {2009},
}

@inproceedings{UNIPEN,
    author = {Isabelle Guyon and Lambert Schomaker and Réjean Plamondon and Mark Liberman and Stan Janet},
    title = {Unipen project of on-line data exchange and recognizer benchmarks. \url{http://unipen.nici.kun.nl/}},
    booktitle = {Proceedings of International Conference on Pattern Recognition},
    year = {1994},
    pages = {29--33}
}

@article{LaViola,
    author = {LaViola, J.J., Jr},
    title = {Symbol Recognition Dataset. Microsoft Center for Research on Pen-Centric Computing. \url{http://pen.cs.brown.edu/symbolRecognitionDataset.zip}},
    year = {2006},
}


@article{OpenCV,
 author = {OpenCV},
 title = {Open Source Computer Vision. Source code: \url{http://opencv.willowgarage.com/wiki/}},
 month = apr,
 year = {2010},
}

@article{LipiTk,
    author = {Sriganesh Madhvanath and Deepu Vijayasenan and Thanigai Murugan Kadiresan},
    title = {LipiTk: A Generic Toolkit for Online Handwriting Recognition},
    booktitle = {CENPARMI},
    year = {2006}
}


@article{LipiTk:web,
 author = {HP Labs, India},
 title = {Lipi Toolkit (LipiTk). Source code: \url{http://lipitk.sourceforge.net/}},
 year = {2010},
}




@article{SVMLight,
 author = {Thorsten Joachims},
 title = {SVMLight: Support Vector Machine. \url{http://svmlight. joachims. org/}. Univ. of Dortmund},
 year = {2008},
}

@book{SVM,
    author = {Vladimir Vapnik},
    day = {19},
    edition = {2nd},
    isbn = {0387987800},
    priority = {2},
    publisher = {Springer},
    title = {The Nature of Statistical Learning Theory (Information Science and Statistics). ISBN~0387987800},
    url = {http://www.cs.orst.edu/~bulatov/papers/Vapnik, V. (2000) The Nature of Stastical Learning Theory, 167p.pdf},
    year = {1995}
}


@book{SVM2,
    author = {Vladimir Vapnik},
    isbn = {0471030031},
    priority = {3},
    publisher = {Wiley-Interscience},
    title = {Statistical Learning Theory. ISBN~0471030031},
    url = {http://www.amazon.com/exec/obidos/redirect?tag=citeulike07-20&path=ASIN/0471030031},
    year = {1998}
}


@misc{Maple,
 author = {MapleSoft},
 title = {The Essential Tool for Mathematics and Modeling. \url{http://maplesoft.com}},
 year = {2010},
}



@TECHREPORT{Golubitsky_s.m.:improved,
    author = {Oleg Golubitsky and Stephen M. Watt},
    title = {S.M.: Improved Character Recognition through Subclassing and Runoff Elections. Ontario Research Centre for Computer Algebra},
    institution = {},
    year = {}
}


@MISC{Labahn_mathbrush:an,
    author = {George Labahn and Scott Maclean and Mirette Marzouk and Ian Rutherford and David Tausky},
    title = {MathBrush: An Experimental Pen-Based Math System},
    year = {}
}


@ARTICLE{Zanibbi02recognizingmathematical,
    author = {Richard Zanibbi and Dorothea Blostein and James R. Cordy},
    title = {Recognizing Mathematical Expressions Using Tree Transformation},
    journal = {IEEE Transactions on Pattern Analysis and Machine Intelligence},
    year = {2002},
    volume = {24},
    pages = {1455--1467}
}


@MISC{_contextsensitive,
    author = {},
    title = {Context Sensitive Mathematical Character Recognition},
    year = {}
}

@INPROCEEDINGS{Miller00learningfrom,
    author = {Erik G. Miller and Nicholas E. Matsakis and Paul A. Viola},
    title = {Learning from one example through shared densities on transforms},
    booktitle = {In Proceedings of the IEEE Conference on Computer Vision and Pattern Recognition},
    year = {2000},
    pages = {464--471}
}


@article{CCS,
 author = {CCS},
 title = {ACM Computing Classification System},
 year = {\url{http://www.acm.org/class/}. 1998},
 }


@MISC{Connell00onlinehandwriting,
    author = {Scott D. Connell},
    title = {Online Handwriting Recognition Using Multiple Pattern Class Models},
    year = {2000}
}
